@misc{ wiki:kriging,
   author = "Wikipedia",
   title = "Kriging --- Wikipedia{,} The Free Encyclopedia",
   year = "2012",
   url = "http://en.wikipedia.org/w/index.php?title=Kriging&oldid=501265258",
   note = "[Online; accessed 19-July-2012]"
 }

 @misc{ wiki:normal,
   author = "Wikipedia",
   title = "Normal distribution --- Wikipedia{,} The Free Encyclopedia",
   year = "2012",
   url = "\url{http://en.wikipedia.org/w/index.php?title=Normal_distribution&oldid=496389589}",
   note = "[Online; accessed 7-June-2012]"
 }

 @misc{ wiki:cholesky,
   author = "Wikipedia",
   title = "Cholesky decomposition --- Wikipedia{,} The Free Encyclopedia",
   year = "2012",
   url = "\url{http://en.wikipedia.org/w/index.php?title=Cholesky_decomposition&oldid=504244370}",
   note = "[Online; accessed 2-August-2012]"
 }